<record><leader>00000cas a2200000 a 4500</leader><controlfield tag="001">13516304</controlfield><controlfield tag="008">860501d18901894tnudr ne      0    0eng  </controlfield><datafield ind1=" " ind2=" " tag="010"><subfield code="a">sn 86071412 </subfield></datafield><datafield ind1=" " ind2=" " tag="040"><subfield code="a">DLC</subfield><subfield code="b">eng</subfield><subfield code="c">DLC</subfield><subfield code="d">NSD</subfield><subfield code="d">NLG</subfield><subfield code="d">ANU</subfield><subfield code="d">KNP</subfield><subfield code="d">TGN</subfield><subfield code="d">DLC</subfield><subfield code="d">OCL</subfield><subfield code="d">DLC</subfield><subfield code="d">CUI</subfield><subfield code="d">OCLCQ</subfield><subfield code="d">OCLCF</subfield></datafield><datafield ind1="1" ind2=" " tag="029"><subfield code="a">AU@</subfield><subfield code="b">000004619378</subfield></datafield><datafield ind1=" " ind2=" " tag="042"><subfield code="a">pcc</subfield></datafield><datafield ind1=" " ind2=" " tag="043"><subfield code="a">n-us-tn</subfield></datafield><datafield ind1="0" ind2="0" tag="050"><subfield code="a">Newspaper 9830</subfield></datafield><datafield ind1=" " ind2="4" tag="050"><subfield code="a">AN</subfield></datafield><datafield ind1="0" ind2="4" tag="245"><subfield code="a">The Memphis appeal-avalanche.</subfield></datafield><datafield ind1="3" ind2="0" tag="246"><subfield code="a">Appeal-avalanche</subfield></datafield><datafield ind1=" " ind2=" " tag="260"><subfield code="a">Memphis, Tenn. :</subfield><subfield code="b">[s.n.],</subfield><subfield code="c">1890-1894.</subfield></datafield><datafield ind1=" " ind2=" " tag="300"><subfield code="a">5 v. :</subfield><subfield code="b">ill. (chiefly advertisements) ;</subfield><subfield code="c">59 cm.</subfield></datafield><datafield ind1=" " ind2=" " tag="310"><subfield code="a">Daily</subfield></datafield><datafield ind1="0" ind2=" " tag="362"><subfield code="a">Vol. 50, no. 295 (Nov. 19, 1890)-v. 54, no. 32 (June 30, 1894).</subfield></datafield><datafield ind1=" " ind2=" " tag="530"><subfield code="a">Also issued on microfilm from Bell &amp; Howell Micro-Photo Div., and the Library of Congress, Photoduplication Service.</subfield></datafield><datafield ind1=" " ind2=" " tag="580"><subfield code="a">Merged with: Memphis commercial, to form: Commercial appeal.</subfield></datafield><datafield ind1=" " ind2="0" tag="651"><subfield code="a">Memphis (Tenn.)</subfield><subfield code="v">Newspapers.</subfield></datafield><datafield ind1=" " ind2="0" tag="651"><subfield code="a">Shelby County (Tenn.)</subfield><subfield code="v">Newspapers.</subfield></datafield><datafield ind1=" " ind2="7" tag="655"><subfield code="a">Newspapers.</subfield><subfield code="2">fast</subfield><subfield code="0">(OCoLC)fst01423814</subfield></datafield><datafield ind1=" " ind2="7" tag="651"><subfield code="a">Tennessee</subfield><subfield code="z">Memphis.</subfield><subfield code="2">fast</subfield><subfield code="0">(OCoLC)fst01204194</subfield></datafield><datafield ind1=" " ind2="7" tag="651"><subfield code="a">Tennessee</subfield><subfield code="z">Shelby County.</subfield><subfield code="2">fast</subfield><subfield code="0">(OCoLC)fst01209894</subfield></datafield><datafield ind1=" " ind2=" " tag="752"><subfield code="a">United States</subfield><subfield code="b">Tennessee</subfield><subfield code="c">Shelby</subfield><subfield code="d">Memphis.</subfield></datafield><datafield ind1="0" ind2=" " tag="775"><subfield code="t">Weekly appeal-avalanche</subfield><subfield code="w">(DLC)sn 87065700</subfield><subfield code="w">(OCoLC)16769425</subfield></datafield><datafield ind1="0" ind2="8" tag="776"><subfield code="i">Online version:</subfield><subfield code="t">Memphis appeal-avalanche</subfield><subfield code="x">0745-4856</subfield><subfield code="w">(OCoLC)192107392</subfield></datafield><datafield ind1="0" ind2="0" tag="780"><subfield code="t">Appeal-avalanche</subfield><subfield code="w">(DLC)sn 83045159</subfield><subfield code="w">(OCoLC)9669530</subfield></datafield><datafield ind1="1" ind2="7" tag="785"><subfield code="t">Memphis commercial</subfield><subfield code="w">(DLC)sn 86071482</subfield><subfield code="w">(OCoLC)13555534</subfield></datafield><datafield ind1="1" ind2="7" tag="785"><subfield code="t">Commercial appeal</subfield><subfield code="x">0745-4856</subfield><subfield code="w">(DLC)sn 83001763</subfield><subfield code="w">(OCoLC)9227552</subfield></datafield></record>